@inproceedings{sz,
  author    = {Sheng Di and
               Franck Cappello},
  title     = {Fast Error-Bounded Lossy {HPC} Data Compression with {SZ}},
  booktitle = {{IPDPS} 2016},
  pages     = {730--739},
  year      = {2016}
}

@inproceedings{baker,
  title={A methodology for evaluating the impact of data compression on climate simulation data},
  author={Baker, Allison H and Xu, Haiying and Dennis, John M and Levy, Michael N and Nychka, Doug and Mickelson, Sheri A and Edwards, Jim and Vertenstein, Mariana and Wegener, Al},
  booktitle={Proceedings of the 23rd international symposium on High-performance parallel and distributed computing},
  pages={203--214},
  year={2014},
  organization={ACM}
}
@inproceedings{ssem,
  author    = {Naoto Sasaki and
               Kento Sato and
               Toshio Endo and
               Satoshi Matsuoka},
  title     = {Exploration of Lossy Compression for Application-Level Checkpoint/Restart},
  booktitle = {{IPDPS} 2015},
  pages     = {914--922},
  year      = {2015}
}

@article{zfp,
  author    = {Peter Lindstrom},
  title     = {Fixed-Rate Compressed Floating-Point Arrays},
  journal   = {TVCG},
  volume    = {20},
  number    = {12},
  pages     = {2674--2683},
  year      = {2014}
}

@article{isabela,
  author    = {Sriram Lakshminarasimhan and
               Neil Shah and
               St{\'{e}}phane Ethier and
               Seung{-}Hoe Ku and
               Choong{-}Seock Chang and
               Scott Klasky and
               Robert Latham and
               Robert B. Ross and
               Nagiza F. Samatova},
  title     = {{ISABELA} for effective in situ compression of scientific data},
  journal   = {Concurrency and Computation: Practice and Experience},
  volume    = {25},
  number    = {4},
  pages     = {524--540},
  year      = {2013}
}

@article{fpzip,
  title={Fast and efficient compression of floating-point data},
  author={Lindstrom, Peter and Isenburg, Martin},
  journal={TVCG},
  volume={12},
  number={5},
  pages={1245--1250},
  year={2006}
}

@misc{cesm,
  author = {{Community Earth Simulation Model (CESM)}},
  howpublished = {\url{http://www.cesm.ucar.edu/}},
  note = {Online; accessed: 2016-12-30},
  year = {2016}
}

@inproceedings{apax,
  author    = {Al Wegener},
  title     = {Universal Numerical Encoder and Profiler Reduces Computing's Memory
               Wall with Software, {FPGA}, and {SoC} Implementations},
  booktitle = {{DCC} 2013},
  pages     = {528},
  year      = {2013}
}

@article{laney2014assessing,
  title={Assessing the effects of data compression in simulations using physically motivated metrics},
  author={Laney, Daniel and Langer, Steven and Weber, Christopher and Lindstrom, Peter and Wegener, Al},
  journal={Scientific Programming},
  volume={22},
  number={2},
  pages={141--155},
  year={2014},
  publisher={IOS Press}
}
